<record><leader>00000cas a2200000 a 4500</leader><controlfield tag="001">9936458</controlfield><controlfield tag="008">830922d1850195unyuwr ne      0    0eng c</controlfield><datafield ind1=" " ind2=" " tag="010"><subfield code="a">sn 83031641 </subfield></datafield><datafield ind1=" " ind2=" " tag="040"><subfield code="a">NPU</subfield><subfield code="b">eng</subfield><subfield code="c">NPU</subfield><subfield code="d">NPX</subfield><subfield code="d">NYG</subfield><subfield code="d">NYS</subfield><subfield code="d">NVF</subfield><subfield code="d">OCL</subfield><subfield code="d">NVF</subfield><subfield code="d">OCLCQ</subfield><subfield code="d">OCLCF</subfield><subfield code="d">OCLCO</subfield></datafield><datafield ind1="1" ind2=" " tag="029"><subfield code="a">AU@</subfield><subfield code="b">000020227303</subfield></datafield><datafield ind1=" " ind2=" " tag="042"><subfield code="a">pcc</subfield></datafield><datafield ind1=" " ind2=" " tag="043"><subfield code="a">n-us-ny</subfield></datafield><datafield ind1="0" ind2="4" tag="245"><subfield code="a">The Saugerties telegraph.</subfield></datafield><datafield ind1=" " ind2=" " tag="260"><subfield code="a">Saugerties, N.Y. :</subfield><subfield code="b">S.S. Hommel</subfield></datafield><datafield ind1=" " ind2=" " tag="300"><subfield code="a">v. :</subfield><subfield code="b">ill. ;</subfield><subfield code="c">62 cm.</subfield></datafield><datafield ind1=" " ind2=" " tag="310"><subfield code="a">Weekly</subfield></datafield><datafield ind1="1" ind2=" " tag="362"><subfield code="a">Began in 1850.</subfield></datafield><datafield ind1=" " ind2=" " tag="500"><subfield code="a">Publishers: B.M. Freligh &amp; T.B. Gates, &lt;1852&gt; ; William Hull, 1855-&lt;1859&gt; ; Elting &amp; Rosepaugh, &lt;1860&gt; ; George W. Elting, &lt;1873-1876&gt; ; Saugerties Telegraph Print. &amp; Pub. Co., 1897-&lt;1950&gt;.</subfield></datafield><datafield ind1=" " ind2=" " tag="588"><subfield code="a">Description based on: Vol. 5, no. 2 (Nov. 9, 1850).</subfield></datafield><datafield ind1=" " ind2="0" tag="651"><subfield code="a">Saugerties (N.Y.)</subfield><subfield code="v">Newspapers.</subfield></datafield><datafield ind1=" " ind2="7" tag="655"><subfield code="a">Newspapers.</subfield><subfield code="2">fast</subfield><subfield code="0">(OCoLC)fst01423814</subfield></datafield><datafield ind1=" " ind2="7" tag="651"><subfield code="a">New York (State)</subfield><subfield code="z">Saugerties.</subfield><subfield code="2">fast</subfield><subfield code="0">(OCoLC)fst01216690</subfield></datafield><datafield ind1=" " ind2=" " tag="752"><subfield code="a">United States</subfield><subfield code="b">New York</subfield><subfield code="c">Ulster</subfield><subfield code="d">Saugerties.</subfield></datafield><datafield ind1="0" ind2="0" tag="780"><subfield code="t">Ulster telegraph</subfield><subfield code="w">(DLC)sn 83031639</subfield></datafield></record>